@MISC{mysql-website,
   author =  {My{SQL} 5.5 Reference Maunal},
   note   =  {(undated). [Online]. Viewed 2013 March 3. Available: \url{http://dev.mysql.com/doc/refman/5.5/en/}}
}

@BOOK{bauer2004,
   author    = {C. Bauer and G King},
   title     = {Hibernate in Action},
   publisher = {Manning Publishcations Co.},
   year      = {2004}
}

@ARTICLE{johnson2005,
   author  =  {R. Johnson},
   title   =  {J2EE Development Framework},
   year    =  {2005},
   journal =  {Computer},
   volume  =  {38},
   number  =  {1},
   month   =  {January},
   pages   =  {107--110}
}

